<collection xmlns="http://www.loc.gov/MARC21/slim">
<record>
  <leader>01172nam0a22002531i 450 </leader>
  <controlfield tag="001">IT\ICCU\CNCE\074215</controlfield>
  <controlfield tag="005">20090617000000.0</controlfield>
  <datafield tag="012" ind1=" " ind2=" ">
    <subfield code="a">o,e- uai- o-a. taet (3) 1575 (A)</subfield>
    <subfield code="2">fei</subfield>
  </datafield>
  <datafield tag="100" ind1=" " ind2=" ">
    <subfield code="a">20090616d1575        0itac0103    ba</subfield>
  </datafield>
  <datafield tag="101" ind1=" " ind2=" ">
    <subfield code="a">ITA</subfield>
  </datafield>
  <datafield tag="102" ind1=" " ind2=" ">
    <subfield code="a">IT</subfield>
  </datafield>
  <datafield tag="200" ind1="1" ind2=" ">
    <subfield code="a">Prima parte de&apos; secreti del reuerendo Donno Alessio piemontese, nuouamente ristampato &amp; con summa diligentia corretto, con le sue tauole per ordine accommodate</subfield>
  </datafield>
  <datafield tag="210" ind1=" " ind2=" ">
    <subfield code="a">In Venetia</subfield>
    <subfield code="c">appresso Gio. Bariletto</subfield>
    <subfield code="d">1575</subfield>
  </datafield>
  <datafield tag="215" ind1=" " ind2=" ">
    <subfield code="a">275, \3! c.</subfield>
    <subfield code="d">8</subfield>
  </datafield>
  <datafield tag="300" ind1=" " ind2=" ">
    <subfield code="a">ANNULLATA  !!!!!  vedi 59561Marca (Z985) sul front. -  Contiene anche le pt. 2. e 3. -  Segn.: A-2M8</subfield>
  </datafield>
  <datafield tag="620" ind1=" " ind2=" ">
    <subfield code="a">IT</subfield>
    <subfield code="d">Venezia</subfield>
  </datafield>
  <datafield tag="700" ind1=" " ind2="1">
    <subfield code="a">Ruscelli,</subfield>
    <subfield code="b">Girolamo</subfield>
    <subfield code="3">IT\ICCU\CNCA\000226</subfield>
  </datafield>
  <datafield tag="712" ind1="0" ind2="0">
    <subfield code="a">Bariletti, Giovanni</subfield>
    <subfield code="3">IT\ICCU\CNCT\000244</subfield>
    <subfield code="4">650</subfield>
  </datafield>
  <datafield tag="790" ind1=" " ind2="0">
    <subfield code="a">Alessio</subfield>
    <subfield code="c"> : Piemontese</subfield>
    <subfield code="3">IT\ICCU\CNCA\007018</subfield>
    <subfield code="z">Ruscelli, Girolamo</subfield>
  </datafield>
  <datafield tag="791" ind1="0" ind2="0">
    <subfield code="a">Bariletto, Giovanni</subfield>
    <subfield code="3">IT\ICCU\CNCT\004295</subfield>
    <subfield code="z">Bariletti, Giovanni</subfield>
  </datafield>
  <datafield tag="791" ind1="0" ind2="0">
    <subfield code="a">Bariletus, Ioannes</subfield>
    <subfield code="3">IT\ICCU\CNCT\004296</subfield>
    <subfield code="z">Bariletti, Giovanni</subfield>
  </datafield>
  <datafield tag="791" ind1="0" ind2="0">
    <subfield code="a">Barilettus, Ioannes</subfield>
    <subfield code="3">IT\ICCU\CNCT\004297</subfield>
    <subfield code="z">Bariletti, Giovanni</subfield>
  </datafield>
  <datafield tag="801" ind1=" " ind2="3">
    <subfield code="a">IT</subfield>
    <subfield code="b">ICCU</subfield>
    <subfield code="c">20201115</subfield>
  </datafield>
  <datafield tag="899" ind1=" " ind2=" ">
    <subfield code="a">Biblioteca Oliveriana. Pesaro</subfield>
    <subfield code="1">PU0061</subfield>
    <subfield code="2">URB OL</subfield>
  </datafield>
</record>
</collection>
